%@misc{BohemRhap,
%	author	= {Freddy Mercury},
%	title	= {Bohemian Rhapsody},
%	year	= {1975}
%}
%@misc{Queen,
%	author	= {Queen},
%	title	= {Freddy Mercury, Brian May, Roger %Taylor, John Deacon},
%	year	= {1970},
%	url		= {http://www.queenonline.com/}
%}
%@online{wirdou,
%	author	= {WirdouDesigns},
%	title	= {Freddie Mercury, licenced under %Creative Commons Attribution-Noncommercial-No %Derivative Works 3.0 License},
%	year	= {2012},
%	url		= {http://wirdoudesigns.deviantart.com/%art/Freddie-Mercury-305299641},
}
%@misc{StefanBraun,
%	author			= {Ao.Univ.Prof. Dipl.-Ing. %Dr.techn. Stefan Braun},
%	organization	= {Technische Universit√§t %Wien},
%	url				= {https://tiss.tuwien.ac.at/%adressbuch/adressbuch/person/37382},
%}
@book{Cebeci:1999,
  author       = {Cebeci, T.},
  title        = {An Engineering Approach to the Calculation of Aerodynamic Flows},
  date         = 1999,
  edition      = {1},
  publisher    = {Springer},
  isbn         = {978-3-540-66181-8},
  location     = {Berlin Heidelberg},
}
@article{Hess:1966,
  author       = {Hess, J.L. and Smith, A.M.O.},
  title        = {Calculation of Potential Flow About Arbitrary Bodies},
  journaltitle = {Progress in Aerospace Sciences},
  date         = 1966,
  volume       = {8},
  pages        = {117--137},
}
@online{Alonso:2005,
  author       = {Alonso, J.J.},  
  title        = {Hess-Smith Panel Method},
  date         = 2005,
  url          = {http://aero-comlab.stanford.edu/aa200b/lect_notes/lect3-4.pdf},
  urldate      = {2022-07-28},
}
@article{Barba:2019,
  doi = {10.21105/jose.00045},
  url = {https://doi.org/10.21105/jose.00045},
  year = {2019},
  publisher = {The Open Journal},
  volume = {2},
  number = {16},
  pages = {45},
  author = {Lorena Barba and Olivier Mesnard},
  title = {Aero Python: classical aerodynamics of potential flow using Python},
  journal = {Journal of Open Source Education},
}
@Article{harris2020array,
 title         = {Array programming with {NumPy}},
 author        = {Charles R. Harris and K. Jarrod Millman and St{\'{e}}fan J.
                 van der Walt and Ralf Gommers and Pauli Virtanen and David
                 Cournapeau and Eric Wieser and Julian Taylor and Sebastian
                 Berg and Nathaniel J. Smith and Robert Kern and Matti Picus
                 and Stephan Hoyer and Marten H. van Kerkwijk and Matthew
                 Brett and Allan Haldane and Jaime Fern{\'{a}}ndez del
                 R{\'{i}}o and Mark Wiebe and Pearu Peterson and Pierre
                 G{\'{e}}rard-Marchant and Kevin Sheppard and Tyler Reddy and
                 Warren Weckesser and Hameer Abbasi and Christoph Gohlke and
                 Travis E. Oliphant},
 year          = {2020},
 month         = sep,
 journal       = {Nature},
 volume        = {585},
 number        = {7825},
 pages         = {357--362},
 doi           = {10.1038/s41586-020-2649-2},
 publisher     = {Springer Science and Business Media {LLC}},
 url           = {https://doi.org/10.1038/s41586-020-2649-2}
}
@inproceedings{Chaves2012ImplementationOA,
  title={Implementation of a 2 D Panel Method for Potential Flow Past Multi-Element Airfoil Configurations},
  author={Diogo Matos Chaves},
  year={2012}
}
@Article{Hunter:2007,
  Author    = {Hunter, J. D.},
  Title     = {Matplotlib: A 2D graphics environment},
  Journal   = {Computing in Science \& Engineering},
  Volume    = {9},
  Number    = {3},
  Pages     = {90--95},
  abstract  = {Matplotlib is a 2D graphics package used for Python for
  application development, interactive scripting, and publication-quality
  image generation across user interfaces and operating systems.},
  publisher = {IEEE COMPUTER SOC},
  doi       = {10.1109/MCSE.2007.55},
  year      = 2007
}
